@article{leinonen2010sequence,
  title={The sequence read archive},
  author={Leinonen, Rasko and Sugawara, Hideaki and Shumway, Martin and International Nucleotide Sequence Database Collaboration},
  journal={Nucleic acids research},
  volume={39},
  number={suppl\_1},
  pages={D19--D21},
  year={2010},
  publisher={Oxford University Press}
}
@article{zhu2013sradb,
  title={SRAdb: query and use public next-generation sequencing data from within R},
  author={Zhu, Yuelin and Stephens, Robert M and Meltzer, Paul S and Davis, Sean R},
  journal={BMC bioinformatics},
  volume={14},
  number={1},
  pages={19},
  year={2013},
  publisher={BioMed Central}
}
@misc{staff_1970, title={Using the SRA Toolkit to convert .sra files into other formats}, url={https://www.ncbi.nlm.nih.gov/books/NBK158900/}, journal={Current neurology and neuroscience reports.}, publisher={U.S. National Library of Medicine}, author={Staff, Sequence Read Archive Submissions}, year={1970}, month={Jan}}

@InProceedings{ mckinney-proc-scipy-2010,
  author    = { Wes McKinney },
  title     = { Data Structures for Statistical Computing in Python },
  booktitle = { Proceedings of the 9th Python in Science Conference },
  pages     = { 51 - 56 },
  year      = { 2010 },
  editor    = { St\'efan van der Walt and Jarrod Millman }
}


@article{mckinneypandas,
  title={pandas: a Foundational Python Library for Data Analysis and Statistics},
  author={McKinney, Wes}
}

@misc{casper_da_costa_luis_2018_1211527,
  author       = {Casper da Costa-Luis and
                  Stephen L. and
                  Hadrien Mary and
                  noamraph and
                  Mikhail Korobov and
                  Ivan Ivanov and
                  Marcel Bargull and
                  James and
                  Guangshuo Chen and
                  Matthew D. Pagel and
                  Staffan Malmgren and
                  Socialery and
                  Jack McCracken and
                  Fabian Dill and
                  Daniel Panteleit and
                  Alex Rothberg and
                  Yaroslav Halchenko and
                  Tomas Ostasevicius and
                  Shirish Pokharel and
                  ReadmeCritic and
                  Peter VandeHaar and
                  Kuang-che Wu and
                  jcea and
                  Hugo and
                  Ford Hurley and
                  Edward Betts and
                  David Bau and
                  Arun Persaud and
                  Alexander and
                  Adnan Umer},
  title        = {tqdm/tqdm: tqdm v4.20.0 stable},
  month        = apr,
  year         = 2018,
  doi          = {10.5281/zenodo.1211527},
  url          = {https://doi.org/10.5281/zenodo.1211527}
}

@misc{about_sqlite, title={SQLite Home Page},
    howpublished = "\url{https://sqlite.org/}",
    note = "[Online; accessed 10-December-2018]",
    year = {2018}
}

@article{rossum1995python,
  title={Python reference manual},
  author={Rossum, Guido},
  year={1995},
  publisher={CWI (Centre for Mathematics and Computer Science)}
}
@book{vanRossum:2011:PLR:2011965,
 author = {van Rossum, Guido and Drake, Fred L.},
 title = {The Python Language Reference Manual},
 year = {2011},
 isbn = {1906966141, 9781906966140},
 publisher = {Network Theory Ltd.},
} 
[download]

@article{edgar2002gene,
  title={Gene Expression Omnibus: NCBI gene expression and hybridization array data repository},
  author={Edgar, Ron and Domrachev, Michael and Lash, Alex E},
  journal={Nucleic acids research},
  volume={30},
  number={1},
  pages={207--210},
  year={2002},
  publisher={Oxford University Press}
}

@article{barrett2012ncbi,
  title={NCBI GEO: archive for functional genomics data sets—update},
  author={Barrett, Tanya and Wilhite, Stephen E and Ledoux, Pierre and Evangelista, Carlos and Kim, Irene F and Tomashevsky, Maxim and Marshall, Kimberly A and Phillippy, Katherine H and Sherman, Patti M and Holko, Michelle and others},
  journal={Nucleic acids research},
  volume={41},
  number={D1},
  pages={D991--D995},
  year={2012},
  publisher={Oxford University Press}
}
@article{zhu2008geometadb,
  title={GEOmetadb: powerful alternative search engine for the Gene Expression Omnibus},
  author={Zhu, Yuelin and Davis, Sean and Stephens, Robert and Meltzer, Paul S and Chen, Yidong},
  journal={Bioinformatics},
  volume={24},
  number={23},
  pages={2798--2800},
  year={2008},
  publisher={Oxford University Press}
}
@misc{ ncbisratoolit,
    author = "{SRA Toolkit Development Team}",
    title = "SRA Toolkit",
    howpublished = "\url{https://ncbi.github.io/sra-tools/}",
    note = "[Online; accessed 10-December-2018]",
    year = {2018},
    month = {Dec}
  }
  
@article{collado2017reproducible,
  title={Reproducible RNA-seq analysis using recount2},
  author={Collado-Torres, Leonardo and Nellore, Abhinav and Kammers, Kai and Ellis, Shannon E and Taub, Margaret A and Hansen, Kasper D and Jaffe, Andrew E and Langmead, Ben and Leek, Jeffrey T},
  journal={Nature biotechnology},
  volume={35},
  number={4},
  pages={319},
  year={2017},
  publisher={Nature Publishing Group}
}
@article{lachmann2018massive,
  title={Massive mining of publicly available RNA-seq data from human and mouse},
  author={Lachmann, Alexander and Torre, Denis and Keenan, Alexandra B and Jagodnik, Kathleen M and Lee, Hoyjin J and Wang, Lily and Silverstein, Moshe C and Ma’ayan, Avi},
  journal={Nature communications},
  volume={9},
  number={1},
  pages={1366},
  year={2018},
  publisher={Nature Publishing Group}
}@article{macarthur2012systematic,
  title={A systematic survey of loss-of-function variants in human protein-coding genes},
  author={MacArthur, Daniel G and Balasubramanian, Suganthi and Frankish, Adam and Huang, Ni and Morris, James and Walter, Klaudia and Jostins, Luke and Habegger, Lukas and Pickrell, Joseph K and Montgomery, Stephen B and others},
  journal={Science},
  volume={335},
  number={6070},
  pages={823--828},
  year={2012},
  publisher={American Association for the Advancement of Science}
}
@misc{kans2018entrez,
  title={Entrez direct: E-utilities on the UNIX command line},
  author={Kans, Jonathan},
  year={2018},
  publisher={National Center for Biotechnology Information (US)}
}
@misc{anaconda,
title={Anaconda Software Distribution},
author={Anaconda},
year={2016},
month={Nov},
url={https://anaconda.com}
}

@misc{zhudavissradb,
  author       = {Jack Zhu and Sean Davis},
  title        = {Bioconductor:SRAdb},
  month        = dec,
  year         = 2018,
  doi          = {10.18129/B9.bioc.SRAdb},
  url          = {https://doi.org/10.18129/B9.bioc.SRAdb }
}

@article{gruning2018bioconda,
  title={Bioconda: sustainable and comprehensive software distribution for the life sciences.},
  author={Gr{\"u}ning, Bj{\"o}rn and Dale, Ryan and Sj{\"o}din, Andreas and Chapman, Brad A and Rowe, Jillian and Tomkins-Tinch, Christopher H and Valieris, Renan and K{\"o}ster, Johannes and Bioconda, Team},
  journal={Nature methods},
  volume={15},
  number={7},
  pages={475},
  year={2018}
}
@article{Ingolia2009,
  doi = {10.1126/science.1168978},
  url = {https://doi.org/10.1126/science.1168978},
  year  = {2009},
  month = {apr},
  publisher = {American Association for the Advancement of Science ({AAAS})},
  volume = {324},
  number = {5924},
  pages = {218--223},
  author = {N. T. Ingolia and S. Ghaemmaghami and J. R. S. Newman and J. S. Weissman},
  title = {Genome-Wide Analysis in Vivo of Translation with Nucleotide Resolution Using Ribosome Profiling},
  journal = {Science}
}
@conference{Kluyver:2016aa,
	Author = {Thomas Kluyver and Benjamin Ragan-Kelley and Fernando P{\'e}rez and Brian Granger and Matthias Bussonnier and Jonathan Frederic and Kyle Kelley and Jessica Hamrick and Jason Grout and Sylvain Corlay and Paul Ivanov and Dami{\'a}n Avila and Safia Abdalla and Carol Willing},
	Booktitle = {Positioning and Power in Academic Publishing: Players, Agents and Agendas},
	Editor = {F. Loizides and B. Schmidt},
	Organization = {IOS Press},
	Pages = {87 - 90},
	Title = {Jupyter Notebooks -- a publishing format for reproducible computational workflows},
	Year = {2016}}

@Manual{rprog,
  title        = {R: A Language and Environment for Statistical
                  Computing},
  author       = {{R Core Team}},
  organization = {R Foundation for Statistical Computing},
  address      = {Vienna, Austria},
  year         = YEAR,
  url          = {https://www.R-project.org}
}	